<record><leader>00000cas a22000007a 4500</leader><controlfield tag="001">12817146</controlfield><controlfield tag="008">851119d19021920wiuwr ne      0    0eng d</controlfield><datafield ind1=" " ind2=" " tag="010"><subfield code="a">sn 85041401 </subfield></datafield><datafield ind1=" " ind2=" " tag="040"><subfield code="a">NPV</subfield><subfield code="b">eng</subfield><subfield code="c">NPV</subfield><subfield code="d">OCLCQ</subfield></datafield><datafield ind1=" " ind2=" " tag="042"><subfield code="a">msc</subfield></datafield><datafield ind1=" " ind2=" " tag="045"><subfield code="a">x0x2</subfield></datafield><datafield ind1=" " ind2=" " tag="052"><subfield code="a">4123</subfield><subfield code="b">C6</subfield></datafield><datafield ind1="0" ind2=" " tag="130"><subfield code="a">Badger blade (Rio, Wis. : 1902)</subfield></datafield><datafield ind1="1" ind2="0" tag="245"><subfield code="a">Badger blade.</subfield></datafield><datafield ind1="1" ind2="3" tag="246"><subfield code="a">Badger state blade</subfield></datafield><datafield ind1=" " ind2=" " tag="260"><subfield code="a">Rio, Wis. :</subfield><subfield code="b">L.H. Doyle,</subfield><subfield code="c">1902-1920.</subfield></datafield><datafield ind1=" " ind2=" " tag="300"><subfield code="a">14 v. :</subfield><subfield code="b">ill.</subfield></datafield><datafield ind1=" " ind2=" " tag="310"><subfield code="a">Weekly</subfield></datafield><datafield ind1="0" ind2=" " tag="362"><subfield code="a">Vol. 1, no. 1 (Mar. 13, 1902)-v. 14, no. 23 (Aug. 20, 1920).</subfield></datafield><datafield ind1=" " ind2=" " tag="500"><subfield code="a">Publisher varies.</subfield></datafield><datafield ind1=" " ind2=" " tag="500"><subfield code="a">Editors: L.H. Doyle, March 13, 1902-June 29, 1905; F.D. Goodwin, Nov. 29, 1906-Dec. 26, 1912; W. Collins, May 28, 1915-July 12, 1918; S.J. Lang, June 4-Aug. 20, 1920.</subfield></datafield><datafield ind1=" " ind2=" " tag="530"><subfield code="a">Available on microfilm from The State Historical Society of Wisconsin.</subfield></datafield><datafield ind1=" " ind2=" " tag="752"><subfield code="a">United States</subfield><subfield code="b">Wisconsin</subfield><subfield code="c">Columbia</subfield><subfield code="d">Rio.</subfield></datafield><datafield ind1="0" ind2="7" tag="785"><subfield code="t">Wyocena advance</subfield><subfield code="w">(DLC)sn 85040824</subfield></datafield><datafield ind1="0" ind2="7" tag="785"><subfield code="t">Badger blade and Wyocena advance</subfield><subfield code="w">(DLC)sn 85041402</subfield></datafield><datafield ind1="1" ind2=" " tag="029"><subfield code="a">AU@</subfield><subfield code="b">000025814884</subfield></datafield></record>